<record><leader>00000cas a22000007a 4500</leader><controlfield tag="001">11912605</controlfield><controlfield tag="008">850412d18871904paumr ne      0    0eng d</controlfield><datafield ind1=" " ind2=" " tag="010"><subfield code="a">sn 85054901 </subfield></datafield><datafield ind1=" " ind2=" " tag="040"><subfield code="a">NPH</subfield><subfield code="b">eng</subfield><subfield code="c">NPH</subfield><subfield code="d">DLC</subfield><subfield code="d">OCL</subfield><subfield code="d">OCLCQ</subfield></datafield><datafield ind1=" " ind2=" " tag="042"><subfield code="a">msc</subfield></datafield><datafield ind1="0" ind2=" " tag="130"><subfield code="a">Free Lance (State College, Pa.)</subfield></datafield><datafield ind1="1" ind2="4" tag="245"><subfield code="a">The Free lance.</subfield></datafield><datafield ind1=" " ind2=" " tag="260"><subfield code="a">State College, Pa. :</subfield><subfield code="b">Pennsylvania State College,</subfield><subfield code="c">1887-1904.</subfield></datafield><datafield ind1=" " ind2=" " tag="300"><subfield code="a">17 v. ;</subfield><subfield code="c">26 cm.</subfield></datafield><datafield ind1=" " ind2=" " tag="310"><subfield code="a">Monthly</subfield></datafield><datafield ind1="0" ind2=" " tag="362"><subfield code="a">Vol. 1, no. 1 (Apr. 1887)-v. 18, no. 1 (Apr. 1904).</subfield></datafield><datafield ind1=" " ind2=" " tag="500"><subfield code="a">Published monthly during the college year by students of the Pennsylvania State College.</subfield></datafield><datafield ind1=" " ind2=" " tag="752"><subfield code="a">United States</subfield><subfield code="b">Pennsylvania</subfield><subfield code="c">Centre</subfield><subfield code="d">State College.</subfield></datafield><datafield ind1="0" ind2="0" tag="785"><subfield code="t">State collegian</subfield><subfield code="w">(DLC)sn 85054902</subfield><subfield code="w">(OCoLC)11912609</subfield></datafield></record>